% Little's Law
@BOOK{Leon-Garcia2008, 
	title={Probability, Statistics, and Random Processes For Electrical Engineering (3rd Edition)},
	author={Alberto Leon-Garcia},
	publisher={Prentice Hall},
	year={2008},
	month={1},
	edition={3},
	isbn={9780131471221},
	url={http://amazon.com/o/ASIN/0131471228/},	
	totalpages={832},
	timestamp={2014.02.06},
	}


% OutBreak Detections ============================================================================
@article{Krause2011,
 author = {Krause, Andreas and Guestrin, Carlos},
 title = {Submodularity and Its Applications in Optimized Information Gathering},
 journal = {ACM Trans. Intell. Syst. Technol.},
 issue_date = {July 2011},
 volume = {2},
 number = {4},
 month = jul,
 year = {2011},
 issn = {2157-6904},
 pages = {32:1--32:20},
 articleno = {32},
 numpages = {20},
 url = {http://doi.acm.org/10.1145/1989734.1989736},
 doi = {10.1145/1989734.1989736},
 acmid = {1989736},
 publisher = {ACM},
 address = {New York, NY, USA},
 keywords = {Information gathering, active learning, blogs, computational sustainability, environmental monitoring, information overload, sensor networks, submodular functions},
} 


@inproceedings{Leskovec2007,
  author    = {Jure Leskovec and
               Andreas Krause and
               Carlos Guestrin and
               Christos Faloutsos and
               Jeanne M. VanBriesen and
               Natalie S. Glance},
  title     = {Cost-effective outbreak detection in networks},
  booktitle = {KDD},
  year      = {2007},
  pages     = {420-429},
  ee        = {http://doi.acm.org/10.1145/1281192.1281239},
  crossref  = {DBLP:conf/kdd/2007},
  bibsource = {DBLP, http://dblp.uni-trier.de}
}

@proceedings{DBLP:conf/kdd/2007,
  editor    = {Pavel Berkhin and
               Rich Caruana and
               Xindong Wu},
  title     = {Proceedings of the 13th ACM SIGKDD International Conference
               on Knowledge Discovery and Data Mining, San Jose, California,
               USA, August 12-15, 2007},
  booktitle = {KDD},
  publisher = {ACM},
  year      = {2007},
  isbn      = {978-1-59593-609-7},
  bibsource = {DBLP, http://dblp.uni-trier.de}
}




% OutBreak prediction ==========================================================================================
@inproceedings{Cui2013,
 author = {Cui, Peng and Jin, Shifei and Yu, Linyun and Wang, Fei and Zhu, Wenwu and Yang, Shiqiang},
 title = {Cascading Outbreak Prediction in Networks: A Data-driven Approach},
 booktitle = {Proceedings of the 19th ACM SIGKDD International Conference on Knowledge Discovery and Data Mining},
 series = {KDD '13},
 year = {2013},
 isbn = {978-1-4503-2174-7},
 location = {Chicago, Illinois, USA},
 pages = {901--909},
 numpages = {9},
 url = {http://doi.acm.org/10.1145/2487575.2487639},
 doi = {10.1145/2487575.2487639},
 acmid = {2487639},
 publisher = {ACM},
 address = {New York, NY, USA},
 keywords = {data driven approach, information cascades, outbreak prediction, social network},
}

% Emergin Topic detecion on Twitter
@inproceedings{Cataldi2010,
 author = {Cataldi, Mario and Di Caro, Luigi and Schifanella, Claudio},
 title = {Emerging Topic Detection on Twitter Based on Temporal and Social Terms Evaluation},
 booktitle = {Proceedings of the Tenth International Workshop on Multimedia Data Mining},
 series = {MDMKDD '10},
 year = {2010},
 isbn = {978-1-4503-0220-3},
 location = {Washington, D.C.},
 pages = {4:1--4:10},
 articleno = {4},
 numpages = {10},
 url = {http://doi.acm.org/10.1145/1814245.1814249},
 doi = {10.1145/1814245.1814249},
 acmid = {1814249},
 publisher = {ACM},
 address = {New York, NY, USA},
 keywords = {aging theory, text analysis, topic detection},
}


%% Blocking: forest fire? ---------------------------------------------------------
@article{Kimura2009,
 author = {Kimura, Masahiro and Saito, Kazumi and Motoda, Hiroshi},
 title = {Blocking Links to Minimize Contamination Spread in a Social Network},
 journal = {ACM Trans. Knowl. Discov. Data},
 issue_date = {April 2009},
 volume = {3},
 number = {2},
 month = apr,
 year = {2009},
 issn = {1556-4681},
 pages = {9:1--9:23},
 articleno = {9},
 numpages = {23},
 url = {http://doi.acm.org/10.1145/1514888.1514892},
 doi = {10.1145/1514888.1514892},
 acmid = {1514892},
 publisher = {ACM},
 address = {New York, NY, USA},
 keywords = {Contamination diffusion, link analysis, social networks},
}

@article{Aspnes2006,
  author    = {James Aspnes and
               Kevin L. Chang and
               Aleksandr Yampolskiy},
  title     = {Inoculation strategies for victims of viruses and the sum-of-squares
               partition problem},
  journal   = {J. Comput. Syst. Sci.},
  volume    = {72},
  number    = {6},
  year      = {2006},
  pages     = {1077-1093},
  ee        = {http://dx.doi.org/10.1016/j.jcss.2006.02.003},
  bibsource = {DBLP, http://dblp.uni-trier.de}
}

@inproceedings{Kimura2008,
  author    = {Masahiro Kimura and
               Kazumi Saito and
               Hiroshi Motoda},
  title     = {Solving the Contamination Minimization Problem on Networks
               for the Linear Threshold Model},
  booktitle = {PRICAI},
  year      = {2008},
  pages     = {977-984},
  ee        = {http://dx.doi.org/10.1007/978-3-540-89197-0_94},
  crossref  = {DBLP:conf/pricai/2008},
  bibsource = {DBLP, http://dblp.uni-trier.de}
}
@proceedings{DBLP:conf/pricai/2008,
  editor    = {Tu Bao Ho and
               Zhi-Hua Zhou},
  title     = {PRICAI 2008: Trends in Artificial Intelligence, 10th Pacific
               Rim International Conference on Artificial Intelligence,
               Hanoi, Vietnam, December 15-19, 2008. Proceedings},
  booktitle = {PRICAI},
  publisher = {Springer},
  series    = {Lecture Notes in Computer Science},
  volume    = {5351},
  year      = {2008},
  isbn      = {978-3-540-89196-3},
  bibsource = {DBLP, http://dblp.uni-trier.de}
}
 
@inproceedings{Kimura2008Minimizing,
  author    = {Masahiro Kimura and
               Kazumi Saito and
               Hiroshi Motoda},
  title     = {Minimizing the Spread of Contamination by Blocking Links
               in a Network},
  booktitle = {AAAI},
  year      = {2008},
  pages     = {1175-1180},
  ee        = {http://www.aaai.org/Library/AAAI/2008/aaai08-186.php},
  crossref  = {DBLP:conf/aaai/2008},
  bibsource = {DBLP, http://dblp.uni-trier.de}
}
@proceedings{DBLP:conf/aaai/2008,
  editor    = {Dieter Fox and
               Carla P. Gomes},
  title     = {Proceedings of the Twenty-Third AAAI Conference on Artificial
               Intelligence, AAAI 2008, Chicago, Illinois, USA, July 13-17,
               2008},
  booktitle = {AAAI},
  publisher = {AAAI Press},
  year      = {2008},
  isbn      = {978-1-57735-368-3},
  bibsource = {DBLP, http://dblp.uni-trier.de}
}

@inproceedings{Li2011,
  author    = {Angsheng Li and
               Linqing Tang},
  title     = {The Complexity and Approximability of Minimum Contamination
               Problems},
  booktitle = {TAMC},
  year      = {2011},
  pages     = {298-307},
  ee        = {http://dx.doi.org/10.1007/978-3-642-20877-5_30},
  crossref  = {DBLP:conf/tamc/2011},
  bibsource = {DBLP, http://dblp.uni-trier.de}
}
@proceedings{DBLP:conf/tamc/2011,
  editor    = {Mitsunori Ogihara and
               Jun Tarui},
  title     = {Theory and Applications of Models of Computation - 8th Annual
               Conference, TAMC 2011, Tokyo, Japan, May 23-25, 2011. Proceedings},
  booktitle = {TAMC},
  publisher = {Springer},
  series    = {Lecture Notes in Computer Science},
  volume    = {6648},
  year      = {2011},
  isbn      = {978-3-642-20876-8},
  ee        = {http://dx.doi.org/10.1007/978-3-642-20877-5},
  bibsource = {DBLP, http://dblp.uni-trier.de}
}

@inproceedings{He2011,
  author    = {Jing He and
               Hongyu Liang and
               Hao Yuan},
  title     = {Controlling Infection by Blocking Nodes and Links Simultaneously},
  booktitle = {WINE},
  year      = {2011},
  pages     = {206-217},
  ee        = {http://dx.doi.org/10.1007/978-3-642-25510-6_18},
  crossref  = {DBLP:conf/wine/2011},
  bibsource = {DBLP, http://dblp.uni-trier.de}
}
@proceedings{DBLP:conf/wine/2011,
  editor    = {Ning Chen and
               Edith Elkind and
               Elias Koutsoupias},
  title     = {Internet and Network Economics - 7th International Workshop,
               WINE 2011, Singapore, December 11-14, 2011. Proceedings},
  booktitle = {WINE},
  publisher = {Springer},
  series    = {Lecture Notes in Computer Science},
  volume    = {7090},
  year      = {2011},
  isbn      = {978-3-642-25509-0},
  ee        = {http://dx.doi.org/10.1007/978-3-642-25510-6},
  bibsource = {DBLP, http://dblp.uni-trier.de}
}

@inproceedings{Kuhlman2013,
  author    = {Chris J. Kuhlman and
               Gaurav Tuli and
               Samarth Swarup and
               Madhav V. Marathe and
               S. S. Ravi},
  title     = {Blocking Simple and Complex Contagion by Edge Removal},
  booktitle = {ICDM},
  year      = {2013},
  pages     = {399-408},
  ee        = {http://dx.doi.org/10.1109/ICDM.2013.47},
  crossref  = {DBLP:conf/icdm/2013},
  bibsource = {DBLP, http://dblp.uni-trier.de}
}
@proceedings{DBLP:conf/icdm/2013,
  editor    = {Hui Xiong and
               George Karypis and
               Bhavani M. Thuraisingham and
               Diane J. Cook and
               Xindong Wu},
  title     = {2013 IEEE 13th International Conference on Data Mining,
               Dallas, TX, USA, December 7-10, 2013},
  booktitle = {ICDM},
  publisher = {IEEE},
  year      = {2013},
  ee        = {http://ieeexplore.ieee.org/xpl/mostRecentIssue.jsp?punumber=6724379},
  bibsource = {DBLP, http://dblp.uni-trier.de}



% Sensor: --------------------------------------------------------------------------
@inproceedings{Golovin2010,
 author = {Golovin, Daniel and Faulkner, Matthew and Krause, Andreas},
 title = {Online Distributed Sensor Selection},
 booktitle = {Proceedings of the 9th ACM/IEEE International Conference on Information Processing in Sensor Networks},
 series = {IPSN '10},
 year = {2010},
 isbn = {978-1-60558-988-6},
 location = {Stockholm, Sweden},
 pages = {220--231},
 numpages = {12},
 url = {http://doi.acm.org/10.1145/1791212.1791239},
 doi = {10.1145/1791212.1791239},
 acmid = {1791239},
 publisher = {ACM},
 address = {New York, NY, USA},
 keywords = {approximation algorithms, distributed multiarmed bandit algorithms, sensor networks, submodular optimization},
} 

@article{Krause2011Kleinberg,
 author = {Krause, Andreas and Guestrin, Carlos and Gupta, Anupam and Kleinberg, Jon},
 title = {Robust Sensor Placements at Informative and Communication-efficient Locations},
 journal = {ACM Trans. Sen. Netw.},
 issue_date = {February 2011},
 volume = {7},
 number = {4},
 month = feb,
 year = {2011},
 issn = {1550-4859},
 pages = {31:1--31:33},
 articleno = {31},
 numpages = {33},
 url = {http://doi.acm.org/10.1145/1921621.1921625},
 doi = {10.1145/1921621.1921625},
 acmid = {1921625},
 publisher = {ACM},
 address = {New York, NY, USA},
 keywords = {Gaussian processes, Sensor networks, approximation algorithms, communication cost, information theory, link quality, sensor placement, spatial monitoring},
}

@article{Hart2010,
author = {Hart, W. and Murray, R.},
title = {Review of Sensor Placement Strategies for Contamination Warning Systems in Drinking Water Distribution Systems},
journal = {Journal of Water Resources Planning and Management},
volume = {136},
number = {6},
pages = {611-619},
year = {2010},
doi = {10.1061/(ASCE)WR.1943-5452.0000081},

URL = {http://ascelibrary.org/doi/abs/10.1061/%28ASCE%29WR.1943-5452.0000081},
eprint = {http://ascelibrary.org/doi/pdf/10.1061/%28ASCE%29WR.1943-5452.0000081}
}


@inproceedings{Krause2009,
 author = {Krause, Andreas and Rajagopal, Ram and Gupta, Anupam and Guestrin, Carlos},
 title = {Simultaneous Placement and Scheduling of Sensors},
 booktitle = {Proceedings of the 2009 International Conference on Information Processing in Sensor Networks},
 series = {IPSN '09},
 year = {2009},
 isbn = {978-1-4244-5108-1},
 pages = {181--192},
 numpages = {12},
 url = {http://dl.acm.org/citation.cfm?id=1602165.1602183},
 acmid = {1602183},
 publisher = {IEEE Computer Society},
 address = {Washington, DC, USA},
}

@Article{Christakis2010,
   Author="Christakis, N. A.  and Fowler, J. H. ",
   Title="{{S}ocial network sensors for early detection of contagious outbreaks}",
   Journal="PLoS ONE",
   Year="2010",
   Volume="5",
   Number="9",
   Pages="e12948"
}



% Battle of network water ------------------------------------------
@article{Krause2008,
author = {Krause, A. and Leskovec, J. and Guestrin, C. and VanBriesen, J. and Faloutsos, C.},
title = {Efficient Sensor Placement Optimization for Securing Large Water Distribution Networks},
journal = {Journal of Water Resources Planning and Management},
volume = {134},
number = {6},
pages = {516-526},
year = {2008},
doi = {10.1061/(ASCE)0733-9496(2008)134:6(516)},

URL = {http://ascelibrary.org/doi/abs/10.1061/%28ASCE%290733-9496%282008%29134%3A6%28516%29},
eprint = {http://ascelibrary.org/doi/pdf/10.1061/%28ASCE%290733-9496%282008%29134%3A6%28516%29}
}

@article{BWSN2008,
author = {Ostfeld, A. and Uber, J. and Salomons, E. and Berry, J. and Hart, W. and Phillips, C. and Watson, J. and Dorini, G. and Jonkergouw, P. and Kapelan, Z. and di Pierro, F. and Khu, S. and Savic, D. and Eliades, D. and Polycarpou, M. and Ghimire, S. and Barkdoll, B. and Gueli, R. and Huang, J. and McBean, E. and James, W. and Krause, A. and Leskovec, J. and Isovitsch, S. and Xu, J. and Guestrin, C. and VanBriesen, J. and Small, M. and Fischbeck, P. and Preis, A. and Propato, M. and Piller, O. and Trachtman, G. and Wu, Z. and Walski, T.},
title = {The Battle of the Water Sensor Networks (BWSN): A Design Challenge for Engineers and Algorithms},
journal = {Journal of Water Resources Planning and Management},
volume = {134},
number = {6},
pages = {556-568},
year = {2008},
doi = {10.1061/(ASCE)0733-9496(2008)134:6(556)},

URL = {http://ascelibrary.org/doi/abs/10.1061/%28ASCE%290733-9496%282008%29134%3A6%28556%29},
eprint = {http://ascelibrary.org/doi/pdf/10.1061/%28ASCE%290733-9496%282008%29134%3A6%28556%29}
}



% Acyclic Networks flow:
@inproceedings{AgumbeSuresh2012,
 author = {Agumbe Suresh, Mahima and Stoleru, Radu and Denton, Ron and Zechman, Emily and Shihada, Basem},
 title = {Towards Optimal Event Detection and Localization in Acyclic Flow Networks},
 booktitle = {Proceedings of the 13th International Conference on Distributed Computing and Networking},
 series = {ICDCN'12},
 year = {2012},
 isbn = {978-3-642-25958-6},
 location = {Hong Kong, China},
 pages = {179--196},
 numpages = {18},
 url = {http://dx.doi.org/10.1007/978-3-642-25959-3_13},
 doi = {10.1007/978-3-642-25959-3_13},
 acmid = {2183690},
 publisher = {Springer-Verlag},
 address = {Berlin, Heidelberg},
} 

% Influence maximization and influential nodes:
@inproceedings{Seeman13,
  author    = {Lior Seeman and
               Yaron Singer},
  title     = {Adaptive Seeding in Social Networks},
  booktitle = {FOCS},
  year      = {2013},
  pages     = {459-468},
  ee        = {http://doi.ieeecomputersociety.org/10.1109/FOCS.2013.56},
  crossref  = {DBLP:conf/focs/2013},
  bibsource = {DBLP, http://dblp.uni-trier.de}
}
@proceedings{DBLP:conf/focs/2013,
  title     = {54th Annual IEEE Symposium on Foundations of Computer Science,
               FOCS 2013, 26-29 October, 2013, Berkeley, CA, USA},
  booktitle = {FOCS},
  publisher = {IEEE Computer Society},
  year      = {2013},
  ee        = {http://ieeexplore.ieee.org/xpl/mostRecentIssue.jsp?punumber=6685222},
  bibsource = {DBLP, http://dblp.uni-trier.de}
}

@article{Goyal2011,
 author = {Goyal, Amit and Bonchi, Francesco and Lakshmanan, Laks V. S.},
 title = {A Data-based Approach to Social Influence Maximization},
 journal = {Proc. VLDB Endow.},
 issue_date = {September 2011},
 volume = {5},
 number = {1},
 month = sep,
 year = {2011},
 issn = {2150-8097},
 pages = {73--84},
 numpages = {12},
 url = {http://dl.acm.org/citation.cfm?id=2047485.2047492},
 acmid = {2047492},
 publisher = {VLDB Endowment},
} 



@inproceedings{Kempe2007,
  author    = {Shishir Bharathi and
               David Kempe and
               Mahyar Salek},
  title     = {Competitive Influence Maximization in Social Networks},
  booktitle = {WINE},
  year      = {2007},
  pages     = {306-311},
  ee        = {http://dx.doi.org/10.1007/978-3-540-77105-0_31},
  crossref  = {DBLP:conf/wine/2007},
  bibsource = {DBLP, http://dblp.uni-trier.de}
}
@proceedings{DBLP:conf/wine/2007,
  editor    = {Xiaotie Deng and
               Fan Chung Graham},
  title     = {Internet and Network Economics, Third International Workshop,
               WINE 2007, San Diego, CA, USA, December 12-14, 2007, Proceedings},
  booktitle = {WINE},
  publisher = {Springer},
  series    = {Lecture Notes in Computer Science},
  volume    = {4858},
  year      = {2007},
  isbn      = {978-3-540-77104-3},
  bibsource = {DBLP, http://dblp.uni-trier.de}
}


@inproceedings{Kempe2003,
 author = {Kempe, David and Kleinberg, Jon and Tardos, \'{E}va},
 title = {Maximizing the Spread of Influence Through a Social Network},
 booktitle = {Proceedings of the Ninth ACM SIGKDD International Conference on Knowledge Discovery and Data Mining},
 series = {KDD '03},
 year = {2003},
 isbn = {1-58113-737-0},
 location = {Washington, D.C.},
 pages = {137--146},
 numpages = {10},
 url = {http://doi.acm.org/10.1145/956750.956769},
 doi = {10.1145/956750.956769},
 acmid = {956769},
 publisher = {ACM},
 address = {New York, NY, USA},
 keywords = {approximation algorithms, diffusion of innovations, social networks, viral marketing},
}


@inproceedings{Chen2009,
 author = {Chen, Wei and Wang, Yajun and Yang, Siyu},
 title = {Efficient Influence Maximization in Social Networks},
 booktitle = {Proceedings of the 15th ACM SIGKDD International Conference on Knowledge Discovery and Data Mining},
 series = {KDD '09},
 year = {2009},
 isbn = {978-1-60558-495-9},
 location = {Paris, France},
 pages = {199--208},
 numpages = {10},
 url = {http://doi.acm.org/10.1145/1557019.1557047},
 doi = {10.1145/1557019.1557047},
 acmid = {1557047},
 publisher = {ACM},
 address = {New York, NY, USA},
 keywords = {heuristic algorithms, influence maximization, social networks},
} 


@inproceedings{Chen2010,
 author = {Chen, Wei and Wang, Chi and Wang, Yajun},
 title = {Scalable Influence Maximization for Prevalent Viral Marketing in Large-scale Social Networks},
 booktitle = {Proceedings of the 16th ACM SIGKDD International Conference on Knowledge Discovery and Data Mining},
 series = {KDD '10},
 year = {2010},
 isbn = {978-1-4503-0055-1},
 location = {Washington, DC, USA},
 pages = {1029--1038},
 numpages = {10},
 url = {http://doi.acm.org/10.1145/1835804.1835934},
 doi = {10.1145/1835804.1835934},
 acmid = {1835934},
 publisher = {ACM},
 address = {New York, NY, USA},
 keywords = {influence maximization, social networks, viral marketing},
}

@inproceedings{Romero2011,
 author = {Romero, Daniel M. and Galuba, Wojciech and Asur, Sitaram and Huberman, Bernardo A.},
 title = {Influence and Passivity in Social Media},
 booktitle = {Proceedings of the 20th International Conference Companion on World Wide Web},
 series = {WWW '11},
 year = {2011},
 isbn = {978-1-4503-0637-9},
 location = {Hyderabad, India},
 pages = {113--114},
 numpages = {2},
 url = {http://doi.acm.org/10.1145/1963192.1963250},
 doi = {10.1145/1963192.1963250},
 acmid = {1963250},
 publisher = {ACM},
 address = {New York, NY, USA},
 keywords = {influence, passivity},
} 

@inproceedings{Kempe2005,
 author = {Kempe, David and Kleinberg, Jon and Tardos, \'{E}va},
 title = {Influential Nodes in a Diffusion Model for Social Networks},
 booktitle = {Proceedings of the 32Nd International Conference on Automata, Languages and Programming},
 series = {ICALP'05},
 year = {2005},
 isbn = {3-540-27580-0, 978-3-540-27580-0},
 location = {Lisbon, Portugal},
 pages = {1127--1138},
 numpages = {12},
 url = {http://dx.doi.org/10.1007/11523468_91},
 doi = {10.1007/11523468_91},
 acmid = {2104181},
 publisher = {Springer-Verlag},
 address = {Berlin, Heidelberg},
}

@inproceedings{Weng2010,
 author = {Weng, Jianshu and Lim, Ee-Peng and Jiang, Jing and He, Qi},
 title = {TwitterRank: Finding Topic-sensitive Influential Twitterers},
 booktitle = {Proceedings of the Third ACM International Conference on Web Search and Data Mining},
 series = {WSDM '10},
 year = {2010},
 isbn = {978-1-60558-889-6},
 location = {New York, New York, USA},
 pages = {261--270},
 numpages = {10},
 url = {http://doi.acm.org/10.1145/1718487.1718520},
 doi = {10.1145/1718487.1718520},
 acmid = {1718520},
 publisher = {ACM},
 address = {New York, NY, USA},
 keywords = {influential, pagerank, twitter},
}

@inproceedings{Cha2010,
  author    = {Meeyoung Cha and
               Hamed Haddadi and
               Fabr\'{\i}cio Benevenuto and
               P. Krishna Gummadi},
  title     = {Measuring User Influence in Twitter: The Million Follower
               Fallacy},
  booktitle = {ICWSM},
  year      = {2010},
  ee        = {http://www.aaai.org/ocs/index.php/ICWSM/ICWSM10/paper/view/1538},
  crossref  = {DBLP:conf/icwsm/2010},
  bibsource = {DBLP, http://dblp.uni-trier.de}
}
@proceedings{DBLP:conf/icwsm/2010,
  editor    = {William W. Cohen and
               Samuel Gosling},
  title     = {Proceedings of the Fourth International Conference on Weblogs
               and Social Media, ICWSM 2010, Washington, DC, USA, May 23-26,
               2010},
  booktitle = {ICWSM},
  publisher = {The AAAI Press},
  year      = {2010},
  bibsource = {DBLP, http://dblp.uni-trier.de}
}

%% Information diffusion ----------------------------------------------
@inproceedings{Lerman2010information,
  added-at = {2011-09-22T10:47:06.000+0200},
  author = {Lerman, K. and Ghosh, R.},
  biburl = {http://www.bibsonomy.org/bibtex/2efe91d789465f036bdcbbcccd2f8088b/becker},
  booktitle = {Proceedings of 4th International Conference on Weblogs and Social Media (ICWSM)},
  interhash = {e848ff266387dbe5a5b23a5b160ea73e},
  intrahash = {efe91d789465f036bdcbbcccd2f8088b},
  keywords = {2011 flow information selected seminar twitter winter},
  timestamp = {2011-09-22T10:47:06.000+0200},
  title = {Information contagion: An empirical study of the spread of news on Digg and Twitter social networks},
  year = 2010
}

@inproceedings{Leskovec2007cascadeBlog,
  author    = {Jure Leskovec and
               Mary McGlohon and
               Christos Faloutsos and
               Natalie S. Glance and
               Matthew Hurst},
  title     = {Patterns of Cascading Behavior in Large Blog Graphs},
  booktitle = {SDM},
  year      = {2007},
  ee        = {http://www.siam.org/meetings/proceedings/2007/datamining/papers/060Leskovec.pdf},
  crossref  = {DBLP:conf/sdm/2007},
  bibsource = {DBLP, http://dblp.uni-trier.de}
}
@proceedings{DBLP:conf/sdm/2007,
  title     = {Proceedings of the Seventh SIAM International Conference
               on Data Mining, April 26-28, 2007, Minneapolis, Minnesota,
               USA},
  booktitle = {SDM},
  publisher = {SIAM},
  year      = {2007},
  bibsource = {DBLP, http://dblp.uni-trier.de}
}


@inproceedings{Tsur2012,
 author = {Tsur, Oren and Rappoport, Ari},
 title = {What's in a Hashtag?: Content Based Prediction of the Spread of Ideas in Microblogging Communities},
 booktitle = {Proceedings of the Fifth ACM International Conference on Web Search and Data Mining},
 series = {WSDM '12},
 year = {2012},
 isbn = {978-1-4503-0747-5},
 location = {Seattle, Washington, USA},
 pages = {643--652},
 numpages = {10},
 url = {http://doi.acm.org/10.1145/2124295.2124320},
 doi = {10.1145/2124295.2124320},
 acmid = {2124320},
 publisher = {ACM},
 address = {New York, NY, USA},
 keywords = {hashtags, information diffusion, microblogging, social media, twitter},
} 

@inproceedings{Gruhl2004,
 author = {Gruhl, Daniel and Guha, R. and Liben-Nowell, David and Tomkins, Andrew},
 title = {Information Diffusion Through Blogspace},
 booktitle = {Proceedings of the 13th International Conference on World Wide Web},
 series = {WWW '04},
 year = {2004},
 isbn = {1-58113-844-X},
 location = {New York, NY, USA},
 pages = {491--501},
 numpages = {11},
 url = {http://doi.acm.org/10.1145/988672.988739},
 doi = {10.1145/988672.988739},
 acmid = {988739},
 publisher = {ACM},
 address = {New York, NY, USA},
 keywords = {blogs, information propagation, memes, topic characterization, topic structure, viral propagation, viruses},
} 


%% Trend detection: Architure (data management conf)
@inproceedings{Mathioudakis2010,
 author = {Mathioudakis, Michael and Koudas, Nick},
 title = {TwitterMonitor: Trend Detection over the Twitter Stream},
 booktitle = {Proceedings of the 2010 ACM SIGMOD International Conference on Management of Data},
 series = {SIGMOD '10},
 year = {2010},
 isbn = {978-1-4503-0032-2},
 location = {Indianapolis, Indiana, USA},
 pages = {1155--1158},
 numpages = {4},
 url = {http://doi.acm.org/10.1145/1807167.1807306},
 doi = {10.1145/1807167.1807306},
 acmid = {1807306},
 publisher = {ACM},
 address = {New York, NY, USA},
 keywords = {social media analysis, trend detection},
} 


% Popularity of Messages:
@article{Zaman2013,
  author    = {Tauhid Zaman and
               Emily B. Fox and
               Eric T. Bradlow},
  title     = {A Bayesian Approach for Predicting the Popularity of Tweets},
  journal   = {CoRR},
  volume    = {abs/1304.6777},
  year      = {2013},
  ee        = {http://arxiv.org/abs/1304.6777},
  bibsource = {DBLP, http://dblp.uni-trier.de}
}

@inproceedings{Zaman2010,
  title={Predicting information spreading in twitter},
  author={Zaman, Tauhid R and Herbrich, Ralf and Van Gael, Jurgen and Stern, David},
  booktitle={Workshop on Computational Social Science and the Wisdom of Crowds, NIPS},
  volume={104},
  number={45},
  pages={17599--601},
  year={2010},
  organization={Citeseer}
}

@inproceedings{Petrovic2011,
  author    = {Sasa Petrovic and
               Miles Osborne and
               Victor Lavrenko},
  title     = {RT to Win! Predicting Message Propagation in Twitter},
  booktitle = {ICWSM},
  year      = {2011},
  ee        = {http://www.aaai.org/ocs/index.php/ICWSM/ICWSM11/paper/view/2754},
  crossref  = {DBLP:conf/icwsm/2011},
  bibsource = {DBLP, http://dblp.uni-trier.de}
}
@proceedings{DBLP:conf/icwsm/2011,
  editor    = {Lada A. Adamic and
               Ricardo A. Baeza-Yates and
               Scott Counts},
  title     = {Proceedings of the Fifth International Conference on Weblogs
               and Social Media, Barcelona, Catalonia, Spain, July 17-21,
               2011},
  booktitle = {ICWSM},
  publisher = {The AAAI Press},
  year      = {2011},
  ee        = {http://www.aaai.org/Library/ICWSM/icwsm11contents.php},
  bibsource = {DBLP, http://dblp.uni-trier.de}
}


% Inferring the network
@inproceedings{Rodriguez2010,
 author = {Gomez Rodriguez, Manuel and Leskovec, Jure and Krause, Andreas},
 title = {Inferring Networks of Diffusion and Influence},
 booktitle = {Proceedings of the 16th ACM SIGKDD International Conference on Knowledge Discovery and Data Mining},
 series = {KDD '10},
 year = {2010},
 isbn = {978-1-4503-0055-1},
 location = {Washington, DC, USA},
 pages = {1019--1028},
 numpages = {10},
 url = {http://doi.acm.org/10.1145/1835804.1835933},
 doi = {10.1145/1835804.1835933},
 acmid = {1835933},
 publisher = {ACM},
 address = {New York, NY, USA},
 keywords = {blogs, information cascades, meme-tracking, networks of diffusion, news media, social networks},
}


% Paremeters we used:
@inproceedings{HodasLerman13,
  author    = {Nathan Oken Hodas and
               Farshad Kooti and
               Kristina Lerman},
  title     = {Friendship Paradox Redux: Your Friends Are More Interesting
               Than You},
  booktitle = {ICWSM},
  year      = {2013},
  ee        = {http://www.aaai.org/ocs/index.php/ICWSM/ICWSM13/paper/view/6136},
  crossref  = {DBLP:conf/icwsm/2013},
  bibsource = {DBLP, http://dblp.uni-trier.de}
}
@proceedings{DBLP:conf/icwsm/2013,
  editor    = {Emre Kiciman and
               Nicole B. Ellison and
               Bernie Hogan and
               Paul Resnick and
               Ian Soboroff},
  title     = {Proceedings of the Seventh International Conference on Weblogs
               and Social Media, ICWSM 2013, Cambridge, Massachusetts,
               USA, July 8-11, 2013},
  booktitle = {ICWSM},
  publisher = {The AAAI Press},
  year      = {2013},
  isbn      = {978-1-57735-610-3},
  ee        = {http://www.aaai.org/Library/ICWSM/icwsm13contents.php},
  bibsource = {DBLP, http://dblp.uni-trier.de}
}

@inproceedings{Hodas12socialcom,
  author = {Nathan Hodas and Kristina Lerman},
  title = {How Limited Visibility and Divided Attention Constrain Social Contagion},
  booktitle = {ASE/IEEE International Conference on Social Computing},
  keywords = {social-dynamics},
  urlpaper = {http://arxiv.org/abs/1205.2736},
  year = {2012}
}


% ------------ Jenson' Inequality
@article {Budimir2001,
    AUTHOR = {Budimir, I. and Dragomir, S. S. and Pe{\v{c}}ari{\'c}, J.},
     TITLE = {Further reverse results for {J}ensen's discrete inequality and
              applications in information theory},
   JOURNAL = {JIPAM. J. Inequal. Pure Appl. Math.},
  FJOURNAL = {JIPAM. Journal of Inequalities in Pure and Applied
              Mathematics},
    VOLUME = {2},
      YEAR = {2001},
    NUMBER = {1},
     PAGES = {Article 5, 14},
      ISSN = {1443-5756},
   MRCLASS = {26D15 (94A17)},
  MRNUMBER = {1822298 (2002g:26025)},
MRREVIEWER = {L. Losonczi},
}

@ARTICLE{Cirtoaje2011,
  author = {Cirtoaje, Vasile},
  title = {The best upper bound for Jensen’s inequality},
  journal = {The Australian Journal of Mathematical Analysis and Application},
  year = {2011},
  volume = {7},
  NUMBER = {2},
  pages = {1--7}
}



%% ------------ Scale Free graph
@inproceedings{DirectedScaleFree,
  author    = {B{\'e}la Bollob{\'a}s and
               Christian Borgs and
               Jennifer T. Chayes and
               Oliver Riordan},
  title     = {Directed scale-free graphs},
  booktitle = {SODA},
  year      = {2003},
  pages     = {132-139},
  ee        = {http://dl.acm.org/citation.cfm?id=644108.644133},
  crossref  = {DBLP:conf/soda/2003},
  bibsource = {DBLP, http://dblp.uni-trier.de}
}
@proceedings{DBLP:conf/soda/2003,
  title     = {Proceedings of the Fourteenth Annual ACM-SIAM Symposium
               on Discrete Algorithms, January 12-14, 2003, Baltimore,
               Maryland, USA},
  booktitle = {SODA},
  publisher = {ACM/SIAM},
  year      = {2003},
  isbn      = {0-89871-538-5},
  ee        = {http://dl.acm.org/citation.cfm?id=644108},
  bibsource = {DBLP, http://dblp.uni-trier.de}
}

% Anomaly detection:
@inproceedings{Noble2003,
  author    = {Caleb C. Noble and
               Diane J. Cook},
  title     = {Graph-based anomaly detection},
  booktitle = {KDD},
  year      = {2003},
  pages     = {631-636},
  ee        = {http://doi.acm.org/10.1145/956750.956831},
  crossref  = {DBLP:conf/kdd/2003},
  bibsource = {DBLP, http://dblp.uni-trier.de}
}
@proceedings{DBLP:conf/kdd/2003,
  editor    = {Lise Getoor and
               Ted E. Senator and
               Pedro Domingos and
               Christos Faloutsos},
  title     = {Proceedings of the Ninth ACM SIGKDD International Conference
               on Knowledge Discovery and Data Mining, Washington, DC,
               USA, August 24 - 27, 2003},
  booktitle = {KDD},
  publisher = {ACM},
  year      = {2003},
  isbn      = {1-58113-737-0},
  bibsource = {DBLP, http://dblp.uni-trier.de}
}

@inproceedings{Sun2007,
  author    = {Jimeng Sun and
               Christos Faloutsos and
               Spiros Papadimitriou and
               Philip S. Yu},
  title     = {GraphScope: parameter-free mining of large time-evolving
               graphs},
  booktitle = {KDD},
  year      = {2007},
  pages     = {687-696},
  ee        = {http://doi.acm.org/10.1145/1281192.1281266},
  crossref  = {DBLP:conf/kdd/2007},
  bibsource = {DBLP, http://dblp.uni-trier.de}
}
@proceedings{DBLP:conf/kdd/2007,
  editor    = {Pavel Berkhin and
               Rich Caruana and
               Xindong Wu},
  title     = {Proceedings of the 13th ACM SIGKDD International Conference
               on Knowledge Discovery and Data Mining, San Jose, California,
               USA, August 12-15, 2007},
  booktitle = {KDD},
  publisher = {ACM},
  year      = {2007},
  isbn      = {978-1-59593-609-7},
  bibsource = {DBLP, http://dblp.uni-trier.de}
}

@article{Papadimitriou2010,
  author    = {Panagiotis Papadimitriou and
               Ali Dasdan and
               Hector Garcia-Molina},
  title     = {Web graph similarity for anomaly detection},
  journal   = {J. Internet Services and Applications},
  volume    = {1},
  number    = {1},
  year      = {2010},
  pages     = {19-30},
  ee        = {http://dx.doi.org/10.1007/s13174-010-0003-x},
  bibsource = {DBLP, http://dblp.uni-trier.de}
}

@inproceedings{Akoglu2010,
  author    = {Leman Akoglu and
               Mary McGlohon and
               Christos Faloutsos},
  title     = {oddball: Spotting Anomalies in Weighted Graphs},
  booktitle = {PAKDD (2)},
  year      = {2010},
  pages     = {410-421},
  ee        = {http://dx.doi.org/10.1007/978-3-642-13672-6_40},
  crossref  = {DBLP:conf/pakdd/2010-2},
  bibsource = {DBLP, http://dblp.uni-trier.de}
}
@proceedings{DBLP:conf/pakdd/2010-2,
  editor    = {Mohammed Javeed Zaki and
               Jeffrey Xu Yu and
               B. Ravindran and
               Vikram Pudi},
  title     = {Advances in Knowledge Discovery and Data Mining, 14th Pacific-Asia
               Conference, PAKDD 2010, Hyderabad, India, June 21-24, 2010.
               Proceedings. Part II},
  booktitle = {PAKDD (2)},
  publisher = {Springer},
  series    = {Lecture Notes in Computer Science},
  volume    = {6119},
  year      = {2010},
  isbn      = {978-3-642-13671-9},
  ee        = {http://dx.doi.org/10.1007/978-3-642-13672-6},
  bibsource = {DBLP, http://dblp.uni-trier.de}
}

@inproceedings{Eberle2007,
  author    = {William Eberle and
               Lawrence B. Holder},
  title     = {Discovering Structural Anomalies in Graph-Based Data},
  booktitle = {ICDM Workshops},
  year      = {2007},
  pages     = {393-398},
  ee        = {http://doi.ieeecomputersociety.org/10.1109/ICDMW.2007.35},
  crossref  = {DBLP:conf/icdm/2007w},
  bibsource = {DBLP, http://dblp.uni-trier.de}
}
@proceedings{DBLP:conf/icdm/2007w,
  title     = {Workshops Proceedings of the 7th IEEE International Conference
               on Data Mining (ICDM 2007), October 28-31, 2007, Omaha,
               Nebraska, USA},
  booktitle = {ICDM Workshops},
  publisher = {IEEE Computer Society},
  year      = {2007},
  bibsource = {DBLP, http://dblp.uni-trier.de}
}

@inproceedings{Bogdanov2013,
  author    = {Petko Bogdanov and
               Christos Faloutsos and
               Misael Mongiov\`{\i} and
               Evangelos E. Papalexakis and
               Razvan Ranca and
               Ambuj K. Singh},
  title     = {NetSpot: Spotting Significant Anomalous Regions on Dynamic
               Networks},
  booktitle = {SDM},
  year      = {2013},
  pages     = {28-36},
  ee        = {http://dx.doi.org/10.1137/1.9781611972832.4},
  crossref  = {DBLP:conf/sdm/2013},
  bibsource = {DBLP, http://dblp.uni-trier.de}
}
@proceedings{DBLP:conf/sdm/2013,
  title     = {Proceedings of the 13th SIAM International Conference on
               Data Mining, May 2-4, 2013. Austin, Texas, USA},
  booktitle = {SDM},
  publisher = {SIAM},
  year      = {2013},
  isbn      = {978-1-61197-262-7, 978-1-61197-283-2},
  ee        = {http://dx.doi.org/10.1137/1.9781611972832, http://knowledgecenter.siam.org/sdm-toc/},
  bibsource = {DBLP, http://dblp.uni-trier.de}
}


% data
@inproceedings{facebook,
  author    = {Julian J. McAuley and
               Jure Leskovec},
  title     = {Learning to Discover Social Circles in Ego Networks},
  booktitle = {NIPS},
  year      = {2012},
  pages     = {548-556},
  ee        = {http://books.nips.cc/papers/files/nips25/NIPS2012_0272.pdf},
  crossref  = {DBLP:conf/nips/2012},
  bibsource = {DBLP, http://dblp.uni-trier.de}
}
@proceedings{DBLP:conf/nips/2012,
  editor    = {Peter L. Bartlett and
               Fernando C. N. Pereira and
               Christopher J. C. Burges and
               L{\'e}on Bottou and
               Kilian Q. Weinberger},
  title     = {Advances in Neural Information Processing Systems 25: 26th
               Annual Conference on Neural Information Processing Systems
               2012. Proceedings of a meeting held December 3-6, 2012,
               Lake Tahoe, Nevada, United States},
  booktitle = {NIPS},
  year      = {2012},
  ee        = {http://books.nips.cc/nips25.html},
  bibsource = {DBLP, http://dblp.uni-trier.de}
}


@inproceedings{wikivote1,
  author    = {Jure Leskovec and
               Daniel P. Huttenlocher and
               Jon M. Kleinberg},
  title     = {Signed networks in social media},
  booktitle = {CHI},
  year      = {2010},
  pages     = {1361-1370},
  ee        = {http://doi.acm.org/10.1145/1753326.1753532},
  crossref  = {DBLP:conf/chi/2010},
  bibsource = {DBLP, http://dblp.uni-trier.de}
}
@proceedings{DBLP:conf/chi/2010,
  editor    = {Elizabeth D. Mynatt and
               Don Schoner and
               Geraldine Fitzpatrick and
               Scott E. Hudson and
               W. Keith Edwards and
               Tom Rodden},
  title     = {Proceedings of the 28th International Conference on Human
               Factors in Computing Systems, CHI 2010, Atlanta, Georgia,
               USA, April 10-15, 2010},
  booktitle = {CHI},
  publisher = {ACM},
  year      = {2010},
  isbn      = {978-1-60558-929-9},
  bibsource = {DBLP, http://dblp.uni-trier.de}
}

@inproceedings{wikivote2,
  author    = {Jure Leskovec and
               Daniel P. Huttenlocher and
               Jon M. Kleinberg},
  title     = {Predicting positive and negative links in online social
               networks},
  booktitle = {WWW},
  year      = {2010},
  pages     = {641-650},
  ee        = {http://doi.acm.org/10.1145/1772690.1772756},
  crossref  = {DBLP:conf/www/2010},
  bibsource = {DBLP, http://dblp.uni-trier.de}
}
@proceedings{DBLP:conf/www/2010,
  editor    = {Michael Rappa and
               Paul Jones and
               Juliana Freire and
               Soumen Chakrabarti},
  title     = {Proceedings of the 19th International Conference on World
               Wide Web, WWW 2010, Raleigh, North Carolina, USA, April
               26-30, 2010},
  booktitle = {WWW},
  publisher = {ACM},
  year      = {2010},
  isbn      = {978-1-60558-799-8},
  bibsource = {DBLP, http://dblp.uni-trier.de}
}

@article{notredame,
  title={Diameter of the world wide web},
  author={Barab{\'a}si, Albert-L{\'a}szl{\'o} and Albert, R{\'e}ka and Jeong, Hawoong},
  journal={Nature},
  volume={401},
  number={9},
  pages={130--131},
  year={1999}
}

@article{webgoogle,
  title={Community structure in large networks: Natural cluster sizes and the absence of large well-defined clusters},
  author={Leskovec, Jure and Lang, Kevin J and Dasgupta, Anirban and Mahoney, Michael W},
  journal={Internet Mathematics},
  volume={6},
  number={1},
  pages={29--123},
  year={2009},
  publisher={Taylor \& Francis}
}

% Kronecker

@article{Kronocker_Graph,
 author = {Leskovec, Jure and Chakrabarti, Deepayan and Kleinberg, Jon and Faloutsos, Christos and Ghahramani, Zoubin},
 title = {Kronecker Graphs: An Approach to Modeling Networks},
 journal = {J. Mach. Learn. Res.},
 issue_date = {3/1/2010},
 volume = {11},
 month = mar,
 year = {2010},
 issn = {1532-4435},
 pages = {985--1042},
 numpages = {58},
 url = {http://dl.acm.org/citation.cfm?id=1756006.1756039},
 acmid = {1756039},
 publisher = {JMLR.org},
} 

%% mix


@manual{Delaney2009,
title  = "The Growing Role of News in Trading Automation",
author = "Delaney, Andrew",
note   = "\url{http://www.machinereadablenews.com/images/dl/Machine_Readable_News_and_Algorithmic_Trading.pdf}",
month  = Oct,
year   = "2009"
}


@manual{ALPHA2014,
title  = "Discovering The Web's Hidden Alpha",
author = "",
note   = "\url{http://www.eaglealpha.com/whitepaper_pdf}",
month  = June,
year   = "2014"
}

@manual{wallstreet2015,
title  = "How Computers Trawl a Sea of Data for Stock Picks",
author = "",
note   = "\url{http://www.wsj.com/articles/how-computers-trawl-a-sea-of-data-for-stock-picks-1427941801?KEYWORDS=computers+trawl+sea}",
month  = April,
year   = "2015"
}

@manual{McKinney2011,
title  = "Structured Data Challenges in Finance and Statistics",
author = "Wes McKinney",
note   = "\url{http://www.slideshare.net/wesm/structured-data-challenges-in-finance-and-statistics}",
month  = November,
year   = "2011"
}

@manual{AlphaFlash,
title  = "AlphaFlash Trader Automated trading based on economic events",
author = "",
note   = "\url{http://www.alphaflash.com/product-info/alphaflash-trader}"
}

@book{mitra2011handbook,
  title={The handbook of news analytics in finance},
  author={Mitra, Gautam and Mitra, Leela},
  volume={596},
  year={2011},
  publisher={John Wiley \& Sons}
}

@incollection{latar2015robot,
  title={The Robot Journalist in the Age of Social Physics: The End of Human Journalism?},
  author={Latar, Noam Lemelshtrich},
  booktitle={The New World of Transitioned Media},
  pages={65--80},
  year={2015},
  publisher={Springer}
}


@inproceedings{dasgupta2007discoverability,
  title={The discoverability of the web},
  author={Dasgupta, Anirban and Ghosh, Arpita and Kumar, Ravi and Olston, Christopher and Pandey, Sandeep and Tomkins, Andrew},
  booktitle={Proceedings of the 16th international conference on World Wide Web},
  pages={421--430},
  year={2007},
  organization={ACM}
}


@inproceedings{wolf2002optimal,
  title={Optimal crawling strategies for web search engines},
  author={Wolf, Joel L and Squillante, Mark S and Yu, PS and Sethuraman, Jay and Ozsen, Leyla},
  booktitle={Proceedings of the 11th international conference on World Wide Web},
  pages={136--147},
  year={2002},
  organization={ACM}
}

% Gradient
@BOOK{HastieTibshiraniFriedman201112, 
title={The Elements of Statistical Learning: Data Mining, Inference, and Prediction, Second Edition (Springer Series in Statistics)},
author={Trevor Hastie and Robert Tibshirani and Jerome Friedman},
publisher={Springer},
year={2011},
month={12},
edition={2nd ed. 2009. Corr. 7th printing 2013},
isbn={9780387848570},
url={http://amazon.com/o/ASIN/0387848576/},
totalpages={745},
timestamp={2014.02.22},
}

@BOOK{Bollobas200210, 
title={Modern Graph Theory (Graduate Texts in Mathematics)},
author={Bela Bollobas},
publisher={Springer},
year={2002},
month={10},
edition={Corrected},
isbn={9780387984889},
url={http://amazon.com/o/ASIN/0387984887/},
totalpages={394},
timestamp={2014.02.22},
}

@article{BA,
  author    = {Albert-L\'aslo Barab\'asi and
               R\'eka Albert},
  title     = {Emergence of Scaling in Random Networks},
  journal   = {Science},
  volume    = {286},
  number    = {5439},
  year      = {1999},
  pages     = {509-512}
}

A. Mahmoody, E. , and E. Upfal,
, 

@article{US,
  author    = {Ahmad Mahmoody, Evgenios Kornaropoulos, and Eli Upfal},
  title     = {Toward Efficient Monitoring of Massive Dynamic Networks (In preparation)},
}





@BOOK{Cvetkovski201201, 
title={Inequalities: Theorems, Techniques and Selected Problems},
author={Zdravko Cvetkovski},
publisher={Springer},
year={2012},
month={1},
edition={2012},
isbn={9783642237911},
url={http://amazon.com/o/ASIN/3642237916/},
totalpages={374},
timestamp={2014.02.22},
}
@BOOK{CormenLeisersonRivestStein200907, 
title={Introduction to Algorithms},
author={Thomas H. Cormen and Charles E. Leiserson and Ronald L. Rivest and Clifford Stein},
publisher={The MIT Press},
year={2009},
month={7},
edition={third edition},
isbn={9780262033848},
url={http://amazon.com/o/ASIN/0262033844/},
totalpages={1312},
timestamp={2014.02.22},
}

@book{shalev2014understanding,
  title={Understanding Machine Learning: From Theory to Algorithms},
  author={Shalev-Shwartz, Shai and Ben-David, Shai},
  year={2014},
  publisher={Cambridge University Press}
}

@article{dean2008mapreduce,
  title={MapReduce: simplified data processing on large clusters},
  author={Dean, Jeffrey and Ghemawat, Sanjay},
  journal={Communications of the ACM},
  volume={51},
  number={1},
  pages={107--113},
  year={2008},
  publisher={ACM}
}


@book{mohri2012foundations,
  title={Foundations of machine learning},
  author={Mohri, Mehryar and Rostamizadeh, Afshin and Talwalkar, Ameet},
  year={2012},
  publisher={MIT press}
}
%%%%%%%%%%%%%%%%%%%%%%%%%%%%% Data sets
@inproceedings{McAuleyL12,
  author    = {Julian J. McAuley and
               Jure Leskovec},
  title     = {Learning to Discover Social Circles in Ego Networks},
  booktitle = {Advances in Neural Information Processing Systems 25: 26th Annual
               Conference on Neural Information Processing Systems 2012. Proceedings
               of a meeting held December 3-6, 2012, Lake Tahoe, Nevada, United States.},
  year      = {2012},
  pages     = {548--556},
  crossref  = {DBLP:conf/nips/2012},
  url       = {http://books.nips.cc/papers/files/nips25/NIPS2012_0272.pdf},
  timestamp = {Mon, 10 Nov 2014 05:08:06 +0100},
  biburl    = {http://dblp.uni-trier.de/rec/bib/conf/nips/McAuleyL12},
  bibsource = {dblp computer science bibliography, http://dblp.org}
}
@proceedings{DBLP:conf/nips/2012,
  editor    = {Peter L. Bartlett and
               Fernando C. N. Pereira and
               Christopher J. C. Burges and
               L{\'{e}}on Bottou and
               Kilian Q. Weinberger},
  title     = {Advances in Neural Information Processing Systems 25: 26th Annual
               Conference on Neural Information Processing Systems 2012. Proceedings
               of a meeting held December 3-6, 2012, Lake Tahoe, Nevada, United States},
  year      = {2012},
  url       = {http://books.nips.cc/nips25.html},
  timestamp = {Mon, 10 Nov 2014 05:08:06 +0100},
  biburl    = {http://dblp.uni-trier.de/rec/bib/conf/nips/2012},
  bibsource = {dblp computer science bibliography, http://dblp.org}
}


@inproceedings{ChoML11,
  author    = {Eunjoon Cho and
               Seth A. Myers and
               Jure Leskovec},
  title     = {Friendship and mobility: user movement in location-based social networks},
  booktitle = {Proceedings of the 17th {ACM} {SIGKDD} International Conference on
               Knowledge Discovery and Data Mining, San Diego, CA, USA, August 21-24,
               2011},
  year      = {2011},
  pages     = {1082--1090},
  crossref  = {DBLP:conf/kdd/2011},
  url       = {http://doi.acm.org/10.1145/2020408.2020579},
  doi       = {10.1145/2020408.2020579},
  timestamp = {Mon, 10 Nov 2014 05:11:52 +0100},
  biburl    = {http://dblp.uni-trier.de/rec/bib/conf/kdd/ChoML11},
  bibsource = {dblp computer science bibliography, http://dblp.org}
}
@proceedings{DBLP:conf/kdd/2011,
  editor    = {Chid Apt{\'{e}} and
               Joydeep Ghosh and
               Padhraic Smyth},
  title     = {Proceedings of the 17th {ACM} {SIGKDD} International Conference on
               Knowledge Discovery and Data Mining, San Diego, CA, USA, August 21-24,
               2011},
  year      = {2011},
  publisher = {{ACM}},
  isbn      = {978-1-4503-0813-7},
  timestamp = {Mon, 10 Nov 2014 05:11:52 +0100},
  biburl    = {http://dblp.uni-trier.de/rec/bib/conf/kdd/2011},
  bibsource = {dblp computer science bibliography, http://dblp.org}
}




@inproceedings{klimt2004introducing,
  title={Introducing the Enron Corpus.},
  author={Klimt, Bryan and Yang, Yiming},
  booktitle={CEAS},
  year={2004}
}


@incollection{richardson2003trust,
  title={Trust management for the semantic web},
  author={Richardson, Matthew and Agrawal, Rakesh and Domingos, Pedro},
  booktitle={The Semantic Web-ISWC 2003},
  pages={351--368},
  year={2003},
  publisher={Springer}
}


@inproceedings{yang2012defining,
  title={Defining and evaluating network communities based on ground-truth},
  author={Yang, Jaewon and Leskovec, Jure},
  booktitle={Proceedings of the ACM SIGKDD Workshop on Mining Data Semantics},
  pages={3},
  year={2012},
  organization={ACM}
}


%%%%%%%%%%%%%%%%%%%%%%%% On probability of edges
@article{jung2011irie,
  title={Irie: Scalable and robust influence maximization in social networks},
  author={Jung, Kyomin and Heo, Wooram and Chen, Wei},
  journal={arXiv preprint arXiv:1111.4795},
  year={2011}
}

@article{tang2014influence,
  title={Influence Maximization: Near-Optimal Time Complexity Meets Practical Efficiency},
  author={Tang, Youze and Xiao, Xiaokui and Shi, Yanchen},
  journal={arXiv preprint arXiv:1404.0900},
  year={2014}
}

%%%%%% Centrality:
@inproceedings{yoshida2014almost,
  title={Almost linear-time algorithms for adaptive betweenness centrality using hypergraph sketches},
  author={Yoshida, Yuichi},
  booktitle={Proceedings of the 20th ACM SIGKDD international conference on Knowledge discovery and data mining},
  pages={1416--1425},
  year={2014},
  organization={ACM}
}
%%%%%% Inf
@inproceedings{borgs2014maximizing,
  title={Maximizing social influence in nearly optimal time},
  author={Borgs, Christian and Brautbar, Michael and Chayes, Jennifer and Lucier, Brendan},
  booktitle={Proceedings of the Twenty-Fifth Annual ACM-SIAM Symposium on Discrete Algorithms},
  pages={946--957},
  year={2014},
  organization={SIAM}
}


@book{hardy1991divergent,
  title={Divergent series},
  author={Hardy, Godfrey H},
  volume={334},
  year={1991},
  publisher={American Mathematical Soc.}
}
